@inproceedings{ Auger:2009:one_plus_one_ES,
  title={Benchmarking the (1+1) evolution strategy with one-fifth success rule on the BBOB-2009 function testbed},
  author={Auger, Anne},
  booktitle={Proceedings of the 11th Annual Conference Companion on Genetic and Evolutionary Computation Conference: Late Breaking Papers},
  pages={2447--2452},
  year={2009},
  organization={ACM}
}

@article{ Hansen:2001:CSA_ES,
	title={Completely derandomized self-adaptation in evolution strategies},
  	author={Hansen, Nikolaus and Ostermeier, Andreas},
  	journal={Evolutionary computation},
  	volume={9},
  	number={2},
  	pages={159--195},
  	year={2001},
  	publisher={MIT Press}
}

@article{ Hansen:2003:CMA_ES,
	title={{Reducing the time complexity of the derandomized evolution strategy with covariance matrix adaptation (CMA-ES)}},
  	author={Hansen, Nikolaus and M{\"u}ller, Sibylle D and Koumoutsakos, Petros},
  	journal={Evolutionary computation},
  	volume={11},
  	number={1},
  	pages={1--18},
  	year={2003},
  	publisher={MIT Press}
}

@article{ Hansen:2006:CMA_ES_review,
	title={The {CMA} evolution strategy: a comparing review},
  	author={Hansen, Nikolaus},
  	journal={Towards a new evolutionary computation},
  	pages={75--102},
  	year={2006},
  	publisher={Springer}
}

@inproceedings{ Auger:2005:IPOP_CMAES,
  title={A restart CMA evolution strategy with increasing population size},
  author={Auger, Anne and Hansen, Nikolaus},
  booktitle={Evolutionary Computation, 2005. The 2005 IEEE Congress on},
  volume={2},
  pages={1769--1776},
  year={2005},
  organization={IEEE}
}

@inproceedings{ Kennedy:1995:PSO,
    title={Particle Swarm Optimization},
  	author={Kennedy, James and Eberhart, Russell},
  	booktitle={Proceedings of the 1995 IEEE International Conference on Neural Networks},
  	pages={1942--1948},
  	year={1995},
  	organization={IEEE}
}

@article{ Clerc:2012:SPSO2011,
	title={Standard particle swarm optimisation},
  	author={Clerc, Maurice},
	journal={Retrieved from https://hal.archives-ouvertes.fr/hal-00764996/},
  	year={2012}
}

@article{ Clerc:2007:randomTopology,
	title={Back to random topology},
	author={Clerc, Maurice},
	journal={Retrieved from http://clerc. maurice. free. fr/pso},
	year={2007}
}

@inproceedings{ Zambrano:2013:SPSO2011,
  title={Standard particle swarm optimisation 2011 at cec-2013: A baseline for future pso improvements},
  author={Zambrano-Bigiarini, Mauricio and Clerc, Maurice and Rojas, Rodrigo},
  booktitle={Evolutionary Computation, 2013. The 2013 IEEE Congress on},
  pages={2337--2344},
  year={2013},
  organization={IEEE}
}

@inproceedings{ Dorigo:1999:ACO,
    author = {Dorigo, Marco and Di Caro, Gianni},
    title = {Ant colony optimization: a new meta-heuristic},
    booktitle = {Evolutionary Computation, 1999. The 1999 IEEE Congress on},
    volume={2},
    year = {1999},
    pages = {1470--1477},
    organization={IEEE}
}

@article{ Socha:2008:ACOR,
    author={Socha, Krzysztof and Dorigo, Marco},
    title={Ant colony optimization for continuous domains},
    journal={European journal of operational research},
    volume={185},
    number={3},
    pages={1155--1173},
    year={2008},
    publisher={Elsevier}
}

@article{ Rousseeuw:1987:silhouettes,
    author={Rousseeuw, Peter J},
    title={Silhouettes: a graphical aid to the interpretation and validation of cluster analysis},
    journal={Journal of computational and applied mathematics},
    volume={20},
    pages={53--65},
    year={1987},
    publisher={Elsevier}
}

@article{ Tibshirani:2001:gap,
    title={Estimating the number of clusters in a data set via the gap statistic},
    author={Tibshirani, Robert and Walther, Guenther and Hastie, Trevor},
    journal={Journal of the Royal Statistical Society: Series B (Statistical Methodology)},
    volume={63},
    number={2},
    pages={411--423},
    year={2001},
    publisher={Wiley Online Library}
}

@article{ Hartigan:1985:dip,
    author={Hartigan, John A and Hartigan, PM},
    title={The dip test of unimodality},
    journal={The Annals of Statistics},
    pages={70--84},
    year={1985},
    publisher={JSTOR}
}

@article{ Rissanen:1978:MDL,
    author={Rissanen, Jorma},
    title={Modeling by shortest data description},
    journal={Automatica},
    volume={14},
    number={5},
    pages={465--471},
    year={1978},
    publisher={Elsevier}
}

@article{ Rissanen:1984:Universal,
    author={Rissanen, Jorma},
    title={Universal coding, information, prediction, and estimation},
    journal={IEEE Transactions on Information theory},
    volume={30},
    number={4},
    pages={629--636},
    year={1984},
    publisher={IEEE}
}

@inproceedings{ Kyrgyzov:2007:KMDL,
    title={Kernel MDL to determine the number of clusters},
    author={Kyrgyzov, Ivan O and Kyrgyzov, Olexiy O and Ma{\^\i}tre, Henri and Campedel, Marine},
    booktitle={International Workshop on Machine Learning and Data Mining in Pattern Recognition},
    pages={203--217},
    year={2007},
    organization={Springer}
}

@incollection{ Robbins:1985:MAB,
    title={Some aspects of the sequential design of experiments},
    author={Robbins, Herbert},
    booktitle={Herbert Robbins Selected Papers},
    pages={169--177},
    year={1985},
    organization={Springer}
}

@inproceedings{ Vermorel:2005:MAB,
    title={Multi-armed bandit algorithms and empirical evaluation},
    author={Vermorel, Joannes and Mohri, Mehryar},
    booktitle={ECML},
    volume={3720},
    pages={437--448},
    year={2005},
    organization={Springer}
}

@phdthesis{ Watkins:1989:eta,
    title={Learning from delayed rewards},
    author={Watkins, Christopher John Cornish Hellaby},
    year={1989},
    school={King's College, Cambridge}
}

@book{ Luce:1959:softmax,
    title={Individual Choice Behavior a Theoretical Analysis},
    author={Luce, R.Duncan},
    year={1959},
    publisher={John Wiley and sons}
}

@book{ Kaelbling:1993:interval_estimation,
    title={Learning in embedded systems},
    author={Kaelbling, Leslie Pack},
    year={1993},
    publisher={MIT press}
}

@article{ Suganthan:2005:benchmark,
    author={Suganthan, Ponnuthurai N and Hansen, Nikolaus and Liang, Jing J and Deb, Kalyanmoy and Chen, Ying-ping and Auger, Anne and Tiwari, Santosh},
    title={Problem definitions and evaluation criteria for the {CEC} 2005 special session on real-parameter optimization},
    journal={KanGAL report},
    volume={2005005},
    pages={2005},
    year={2005},
    publisher={Nanyang Technological University Singapore}
}